<?xml version="1.0" encoding="UTF-8"?><collection xmlns="http://www.loc.gov/MARC21/slim"><record><leader>00323nam--2200109-i-4500</leader><controlfield tag="001">000038899</controlfield><controlfield tag="002">20161230</controlfield><controlfield tag="005">20161230201042</controlfield><controlfield tag="008">060222s1000------------r-----000-0-eng-d</controlfield><datafield ind1=" " ind2=" " tag="245"><subfield code="a">Retele si sisteme electrice. trad.din literatura sovietica de specialitate</subfield></datafield><datafield ind1=" " ind2=" " tag="260"><subfield code="a">[Bucuresti], Ed.Acad.R.P.R., 1954, 144[-148]P</subfield></datafield><datafield ind1=" " ind2=" " tag="852"><subfield code="a">3287</subfield></datafield></record></collection>